@article{MakingSense,
    title = {{Making sense of non-Hermitian Hamiltonians}},
    author = {Carl M Bender},
    journal = {Reports on Progress in Physics},
    volume = {70},
    pages = {947-1018},
    year = {2007},
    doi = {10.1088/0034-4885/70/6/r03}
}

@book{POQM,
    title = {{THE PRINCIPLES OF QUANTUM MECHANICS}},
    author = {Paul A M Dirac},
    series = {International series of monographs on physics (Oxford, England)},
    publisher = {Clarendon Pr.},
    year = {1958},
    edition = {4th ed.},
    language = {eng},
    address = {Oxf.},
    ISBN = {0198520115}
}

@phdthesis{Jones-Smith,
    title = {{Non-Hermitian Quantum Mechanics}},
    author = {Katherine Jones-Smith}, 
    school = {Case Western Reserve University},
    year = {2010}
}

@article{MustaHbeHermitian,
    title = {{Must a Hamiltonian be Hermitian?}},
    author = {Carl M Bender and Dorje C Brody and Hugh F Jones},
    journal = {American Journal of Physics},
    volume = {71},
    number = {11},
    pages = {1095-1102},
    year = {2003},
    doi = {10.1119/1.1574043}
}

@article{RealSpectrainNHH,
  title = {{Real Spectra in Non-Hermitian Hamiltonians Having PT Symmetry}},
  author = {C M Bender and S Boettcher},
  journal = {Phys. Rev. Lett.},
  volume = {80},
  issue = {24},
  pages = {5243--5246},
  numpages = {0},
  year = {1998},
  month = {Jun},
  publisher = {American Physical Society},
  doi = {10.1103/PhysRevLett.80.5243}
}
@article{PTsymmetricQM,
    title = {{PT-symmetric quantum mechanics}},
    author = {Carl M Bender and Stefan Boettcher and Peter N Meisinger},
    journal = {Journal of Mathematical Physics},
    volume = {40},
    number = {5},
    pages = {2201-2229},
    year = {1999},
    doi = {10.1063/1.532860}
}

@article{ComplexExtension,
    title = {{Complex Extension of Quantum Mechanics}},
    author = {Carl M Bender and Dorje C Brody and Hugh F Jones},
    journal = {Phys. Rev. Lett.},
    publisher = {American Physical Society},
    volume = {89},
    issue = {27},
    pages = {270401},
    numpages = {4},
    year = {2002},
    month = {Dec},
    doi = {10.1103/PhysRevLett.89.270401}
}

@article{Dorey_2001,
    title = {{Spectral equivalences, Bethe ansatz equations, and reality properties in PT-symmetric quantum mechanics}},
    author = {Patrick Dorey and Clare Dunning and Roberto Tateo},
    journal = {Journal of Physics A: Mathematical and General},
    publisher = {{IOP} Publishing},
    volume = {34},
    number = {28},
    pages = {5679--5704},
    year = {2001},
    month = {Jul},
    doi = {10.1088/0305-4470/34/28/305}
}

@article{Bender_2010,
    title = {{PT-symmetry and necessary and sufficient conditions for the reality of energy eigenvalues}},
    author = {Carl M Bender and Phillip D Mannheim},
    journal = {Physics Letters A},
    publisher = {Elsevier {BV}},
    volume = {374},
    number = {15-16},
    pages = {1616--1620},
    year = {2010},
    month = {Apr},
    doi = {10.1016/j.physleta.2010.02.032}
}

@article{Brody_2016,
    title = {{Consistency of PT-symmetric quantum mechanics}},
    author = {Dorje C Brody},
    journal = {Journal of Physics A: Mathematical and Theoretical},
    publisher = {{IOP} Publishing},
    volume = {49},
    number = {10},
    pages = {10LT03},
    year = {2016},
    month = {Jan},
    doi = {10.1088/1751-8113/49/10/10lt03}
}

@article{Mostafazadeh,
    title = {{Pseudo-Hermiticity versus PT symmetry: The necessary condition for the reality of the spectrum of a non-Hermitian Hamiltonian}},
    author = {Ali Mostafazadeh},
    journal = {Journal of Mathematical Physics},
    volume = {43},
    number = {1},
    pages = {205-214},
    year = {2002},
    doi = {10.1063/1.1418246}
}

@article{Mostafazadeh2,
    title = {{Exact PT-symmetry is equivalent to Hermiticity}},
    author = {Ali Mostafazadeh},
    journal = {Journal of Physics A: Mathematical and General},
    publisher = {{IOP} Publishing},
    volume = {36},
    number = {25},
    pages = {7081--7091},
    month = {jun},
    year = {2003},
    doi = {10.1088/0305-4470/36/25/312}
}

@article{Bender_2007,
    title = {{Faster than Hermitian Quantum Mechanics}},
    author = {Carl M Bender and Dorje C Brody and Hugh F Jones and Bernhard K Meister},
    journal = {Phys. Rev. Lett.},
    publisher = {American Physical Society},
    volume = {98},
    issue = {4},
    pages = {040403},
    numpages = {4},
    year = {2007},
    doi = {10.1103/PhysRevLett.98.040403}
}

@article{Bender_2004,
    title = {{The C operator in PT-symmetric quantum theories}},
    author = {Carl M Bender and Joachim Brod and Andr{\'{e}} Refig and Moretz E Reuter},
    journal = {Journal of Physics A: Mathematical and General},
    year = {2004},
    month = {oct},
    publisher = {{IOP} Publishing},
    volume = {37},
    number = {43},
    pages = {10139--10165},
    doi = {10.1088/0305-4470/37/43/009}
}

@article{Brody_2013,
    title = {{Biorthogonal quantum mechanics}},
    author = {Dorje C Brody},
    journal = {Journal of Physics A: Mathematical and Theoretical},
    publisher = {{IOP} Publishing},
    year = {2013},
    month = {dec},
    volume = {47},
    number = {3},
    pages = {035305},
    doi = {10.1088/1751-8113/47/3/035305}
}

@misc{Critique,
    title = {{A Critique of PT-Symmetric Quantum Mechanics}},
    author = {Ali Mostafazadeh},
    publisher = {arXiv},
    year = {2003},
    doi = {10.48550/ARXIV.QUANT-PH/0310164},
}

@article{ComplexProbability,
    title = {{Probability density in the complex plane}},
    author = {Carl M Bender and Daniel W Hook and Peter N Meisinger and Qing-hai Wang},
    journal = {Annals of Physics},
    volume = {325},
    number = {11},
    pages = {2332-2362},
    year = {2010},
    issn = {0003-4916},
    doi = {https://doi.org/10.1016/j.aop.2010.02.011}
}

@article{Bender_2008,
    title = {{Conjecture on the analyticity of $\lbrace${\textbackslash}cal {PT}$\rbrace$ -symmetric potentials and the reality of their spectra}},
    author = {Carl M Bender and Daniel W Hook and Lawrence R Mead},
    journal = {Journal of Physics A: Mathematical and Theoretical},
    year = {2008},
    month = {sep},
    publisher = {{IOP} Publishing},
    volume = {41},
    number = {39},
    pages = {392005},
    doi = {10.1088/1751-8113/41/39/392005}
}

@article{Brachistochrone_Mostafazadeh,
    title = {{Quantum Brachistochrone Problem and the Geometry of the State Space in Pseudo-Hermitian Quantum Mechanics}},
    author = {Ali Mostafazadeh},
    journal = {Physical review letters},
    volume = {99},
    year = {2007},
    month = {10},
    pages = {130502},
    doi = {10.1103/PhysRevLett.99.130502}
}

@article{PTvsDH,
    title = {{PT-symmetric versus Hermitian formulations of quantum mechanics}},
    author = {Carl M Bender and Jun-Hua Chen and Kimball A Milton},
    journal = {Journal of Physics A: Mathematical and General},
    year = {2006},
    month = {feb},
    publisher = {{IOP} Publishing},
    volume = {39},
    number = {7},
    pages = {1657--1668},
    doi = {10.1088/0305-4470/39/7/010}
}

@article{EquivalentHH,
    title = {{Equivalent Hermitian Hamiltonian for the non-Hermitian} $\ensuremath{-}{x}^{4}$ potential},
    author = {H F Jones and J Mateo},
    journal = {Phys. Rev. D},
    publisher = {American Physical Society},
    volume = {73},
    issue = {8},
    pages = {085002},
    numpages = {4},
    year = {2006},
    month = {Apr},
    doi = {10.1103/PhysRevD.73.085002}
}

@article{Pseudo-HermiticityIII,
    title = {{Pseudo-Hermiticity versus PT-symmetry III: Equivalence of pseudo-Hermiticity and the presence of antilinear symmetries}},
    author = {Ali Mostafazadeh},
    journal = {Journal of Mathematical Physics},
    volume = {43},
    number = {8},
    pages = {3944-3951},
    year = {2002},
    doi = {10.1063/1.1489072}
}

@article{Jones_2005,
    title = {{On pseudo-Hermitian Hamiltonians and their Hermitian counterparts}},
    author = {H F Jones},
    journal = {Journal of Physics A: Mathematical and General},
    year = {2005},
    month = {feb},
    publisher = {{IOP} Publishing},
    volume = {38},
    number = {8},
    pages = {1741--1746},
    doi = {10.1088/0305-4470/38/8/010}
}

@article{taleof2potentials,
    title = {{Pseudo-Hermitian Hamiltonians: Tale of two potentials}},
    author = {H F Jones and J Mateo},
    year = {2005},
    month = {01},
    pages = {1117-1122},
    volume = {55},
    journal = {Czechoslovak Journal of Physics},
    doi = {10.1007/s10582-005-0116-9}
}

@article{Bender_2006,
    title = {{Calculation of the hidden symmetry operator for a PT-symmetric square well}},
    author = {Carl M Bender and Barnabas Tan},
    journal = {Journal of Physics A: Mathematical and General},
    year = {2006},
    month = {feb},
    publisher = {{IOP} Publishing},
    volume = {39},
    number = {8},
    pages = {1945--1953},
    doi = {10.1088/0305-4470/39/8/011}
}

@article{Pseudo-Hermiticity,
    title = {{Pseudo-Hermiticity and generalized PT- and CPT-symmetries}},
    author = {Ali Mostafazadeh},
    journal = {Journal of Mathematical Physics},
    volume = {44},
    number = {3},
    pages = {974-989},
    year = {2003},
    doi = {10.1063/1.1539304}
}

@article{passage_t,
    title = {{Elementary derivation for passage times}},
    author = {Dorje C Brody},
    journal = {Journal of Physics A: Mathematical and General},
    year = {2003},
    month = {may},
    volume = {36},
    number = {20},
    pages = {5587},
    doi = {10.1088/0305-4470/36/20/314}
}

@book{Moiseyev,
    title = {{Non-Hermitian Quantum Mechanics}},
     author = {N Moiseyev},
     publisher = {Cambridge University Press}, 
     year = {2011},
     place = {The Edinburgh Building, Cambridge CB2 8RU, UK},
     DOI = {10.1017/CBO9780511976186},
     ISBN = {978-0-521-88972-8}
}

@article{Faria1,
    title = {{Non-Hermitian Hamiltonians with real eigenvalues coupled to electric fields: From the time-independent to the time-dependent quantum mechanical formulation}},
    author = {C Figueira de Morisson Faria and A Fring},
    year = {2007},
    month = {04},
    pages = {424-437},
    volume = {17},
    journal = {Laser Physics},
    doi = {10.1134/S1054660X07040196}
}

@article{UpsideDownPotentials,
    title = {{Upside-down potentials}},
    author = {Carl M Bender},
    journal = {Journal of Physics: Conference Series},
    publisher = {{IOP} Publishing},
    volume = {343},
    pages = {012014},
    year = {2012},
    month = {feb},
    doi = {10.1088/1742-6596/343/1/012014}
}

@article{Scatteringoff,
    title = {{Scattering off PT-symmetric upside-down potentials}},
    author = {Carl M Bender and Mariagiovanna Gianfreda},
    journal = {Phys. Rev. A},
    publisher = {American Physical Society},
    volume = {98},
    issue = {5},
    pages = {052118},
    numpages = {5},
    year = {2018},
    month = {Nov},
    doi = {10.1103/PhysRevA.98.052118}
}

@article{OptimalControl,
    title = {{Optimal control, geometry, and quantum computing}},
    author = {M A Nielsen and M R Dowling and M Gu and A C Doherty},
    journal = {Phys. Rev. A},
    volume = {73},
    issue = {6},
    pages = {062323},
    numpages = {7},
    year = {2006},
    month = {Jun},
    publisher = {American Physical Society},
    doi = {10.1103/PhysRevA.73.062323}
}

@article{Gunther_2008,
    title = {{The PT-symmetric brachistochrone problem, Lorentz boosts and non-unitary operator equivalence classes}},
    author = {Uwe Günther and Boris F Samsonov},
    journal = {Physical Review A},
    publisher = {American Physical Society ({APS})},
    volume = {78},
    number = {4},
    year = {2008},
    month = {oct},
    doi = {10.1103/physreva.78.042115}
}

@article{AnandanAharonov,
    title = {{Geometry of quantum evolution}},
    author = {J Anandan and Y Aharonov},
    journal = {Phys. Rev. Lett.},
    volume = {65},
    issue = {14},
    pages = {1697--1700},
    numpages = {0},
    year = {1990},
    month = {Oct},
    publisher = {American Physical Society},
    doi = {10.1103/PhysRevLett.65.1697}
}

@InProceedings{geometric_aspects,
    title = {{Geometric Aspects of Space-Time Reflection Symmetry in Quantum Mechanics}},
    author = {C M Bender and D C Brody and L P Hughston and B K Meister},
    editor = {F Bagarello and R Passante and C Trapani},
    booktitle = {{Non-Hermitian Hamiltonians in Quantum Physics}},
    year = {2016},
    publisher = {Springer International Publishing},
    pages={185--199},
    isbn={978-3-319-31356-6}
}

@phdthesis{Cartarius,
    title = {{Quantum systems with balanced gain and loss, signatures of branch points, and dissociation effects}},
    author = {Holger Cartarius},
    year = {2014},
    month = {01}
}

@article{Bossart,
    title = {{Non-Hermitian time evolution: From static to parametric instability}},
    author = {Aleksi Bossart and Romain Fleury},
    journal = {Phys. Rev. A},
    volume = {104},
    issue = {4},
    pages = {042225},
    numpages = {12},
    year = {2021},
    month = {Oct},
    publisher = {American Physical Society},
    doi = {10.1103/PhysRevA.104.042225}
}

@article{Heiss_2012,
    title = {{The physics of exceptional points}},
    author = {W D Heiss},
    journal = {Journal of Physics A: Mathematical and Theoretical},
    year = {2012},
    month = {oct},
    publisher = {IOP Publishing},
    volume = {45},
    number = {44},
    pages = {444016},
    doi = {10.1088/1751-8113/45/44/444016}
}

@article{BrokenRegion,
   title={{Behavior of eigenvalues in a region of broken PT-symmetry}},
   author={C M Bender and N Hassanpour and D W Hook and S P Klevansky and C Sünderhauf and Z Wen},
   journal={Physical Review A},
   publisher={American Physical Society (APS)},
   year={2017},
   number={5},
   volume={95},
   ISSN={2469-9934},
   doi={10.1103/physreva.95.052113}
}

@InProceedings{Bagarello,
    title={{Exceptional Points in a Non-Hermitian Extension of the Jaynes-Cummings Hamiltonian}},
    author= {F Bagarello and F Gargano and M Lattuca and R Passante and L Rizzuto and S Spagnolo},
    editor={F Bagarello and R Passante and C Trapani},
    booktitle={Non-Hermitian Hamiltonians in Quantum Physics},
    year={2016},
    publisher={Springer International Publishing},
    pages={83--95},
    isbn={978-3-319-31356-6}
}

@article{AnalyticContinuation,
    title = {{Analytic continuation of eigenvalue problems}},
    author = {Carl M. Bender and Alexander Turbiner},
    journal = {Physics Letters A},
    volume = {173},
    number = {6},
    pages = {442-446},
    year = {1993},
    issn = {0375-9601},
    doi = {https://doi.org/10.1016/0375-9601(93)90153-Q}
}

@article{Sorrell,
    title = {{Complex WKB analysis of a -symmetric eigenvalue problem}},
    author = {Mark Sorrell},
    journal = {Journal of Physics A: Mathematical and Theoretical},
    publisher = {{IOP} Publishing},
    volume = {40},
    number = {33},
    pages = {10319--10335},
    year = {2007},
    month = {Aug},
    doi = {10.1088/1751-8113/40/33/023}
}

@book{BenderOrszag,
    title = {{Advanced Mathematical Methods for Scientists and Engineers I}},
    author = {Carl M Bender and Steven A Orszag},
    publisher = {Springer New York, NY}, 
    year = {1999},
    doi = {10.1007/978-1-4757-3069-2},
    ISBN = {1-4419-3187-2}
}

@article{Maximal,
  title = {{Maximal quantum entanglement at exceptional points via unitary and thermal dynamics}},
  author = {A Kumar and K W Murch and Y N Joglekar},
  journal = {Phys. Rev. A},
  volume = {105},
  issue = {1},
  pages = {012422},
  numpages = {8},
  year = {2022},
  month = {Jan},
  publisher = {American Physical Society},
  doi = {10.1103/PhysRevA.105.012422}
  }

@article{Faria_2006,
    title = {{Time evolution of non-Hermitian Hamiltonian systems}},
    author = {Carla Figueira de Morisson Faria, Andreas Fring},
    journal = {Journal of Physics A: Mathematical and General},
    publisher = {{IOP} Publishing},
    volume = {39},
    number = {29},
    pages = {9269--9289},
    year = {2006},
    month = {Jul},
    doi = {10.1088/0305-4470/39/29/018}
}

@article{TopoTrans,
    title = {{Observation of a Topological Transition in the Bulk of a Non-Hermitian System}},
    author = {Julia M Zeuner and  Mikael C Rechtsman and Yonatan Plotnik and Yaakov Lumer and Stefan Nolte and Mark S Rudner and Mordechai Segev and Alexander Szameit},
    journal = {Phys. Rev. Lett.},
    volume = {115},
    issue = {4},
    pages = {040402},
    numpages = {5},
    year = {2015},
    month = {Jul},
    publisher = {American Physical Society},
    doi = {10.1103/PhysRevLett.115.040402}
  }

@article{Rudner,
    title = {{Topological Transition in a Non-Hermitian Quantum Walk}},
    author = {M S Rudner and L S Levitov},
    journal = {Phys. Rev. Lett.},
    volume = {102},
    issue = {6},
    pages = {065703},
    numpages = {4},
    year = {2009},
    month = {Feb},
    publisher = {American Physical Society},
    doi = {10.1103/PhysRevLett.102.065703}
  }

@article{Cones,
    title = {{Direct Observation of Dirac Cones and a Flatband in a Honeycomb Lattice for Polaritons}},
    author = {T Jacqmin and I Carusotto and I Sagnes and M Abbarchi and D D Solnyshkov and G Malpuech and E Galopin and A Lema\^{\i}tre and J Bloch and A Amo},
    journal = {Phys. Rev. Lett.},
    volume = {112},
    issue = {11},
    pages = {116402},
    numpages = {5},
    year = {2014},
    month = {Mar},
    publisher = {American Physical Society},
    doi = {10.1103/PhysRevLett.112.116402}
  }

@article{LightStopsatEPs,
    title = {{Light Stops at Exceptional Points}},
    author = {Goldzak, Tamar and Mailybaev, Alexei A. and Moiseyev, Nimrod},
    journal = {Phys. Rev. Lett.},
    volume = {120},
    issue = {1},
    pages = {013901},
    numpages = {5},
    year = {2018},
    month = {Jan},
    publisher = {American Physical Society},
    doi = {10.1103/PhysRevLett.120.013901}
  }

@article{Tprotecc,
    title = {{Topological protection in non-Hermitian Haldane honeycomb lattices}},
    author = {P Res\'endiz-V\'azquez and K Tschernig and A Perez-Leija and K Busch and R de J Le\'on-Montiel},
    journal = {Phys. Rev. Research},
    volume = {2},
    issue = {1},
    pages = {013387},
    numpages = {7},
    year = {2020},
    month = {Mar},
    publisher = {American Physical Society},
    doi = {10.1103/PhysRevResearch.2.013387}
}

@article{QuantumAnomalousEffect,
    title = {{Experimental Observation of the Quantum Anomalous Hall Effect in a Magnetic Topological Insulator}},
    author = {Cui-Zu Chang  and Jinsong Zhang  and Xiao Feng  and Jie Shen  and Zuocheng Zhang  and Minghua Guo  and Kang Li  and Yunbo Ou  and Pang Wei  and Li-Li Wang  and Zhong-Qing Ji  and Yang Feng  and Shuaihua Ji  and Xi Chen  and Jinfeng Jia  and Xi Dai  and Zhong Fang  and Shou-Cheng Zhang  and Ke He  and Yayu Wang  and Li Lu  and Xu-Cun Ma  and Qi-Kun Xue },
    journal = {Science},
    volume = {340},
    number = {6129},
    pages = {167-170},
    year = {2013},
    doi = {10.1126/science.1234414}
}

@article{EigenspaceEPs,
  title = {{Non-Hermitian robust edge states in one dimension: Anomalous localization and eigenspace condensation at exceptional points}},
  author = {V M Martinez Alvarez and J E Barrios Vargas and L E F Foa Torres},
  journal = {Phys. Rev. B},
  volume = {97},
  issue = {12},
  pages = {121401},
  numpages = {6},
  year = {2018},
  month = {Mar},
  publisher = {American Physical Society},
  doi = {10.1103/PhysRevB.97.121401}
  }

@article{NHQuantumHall,
  title = {{Non-Hermitian fractional quantum Hall states}},
  author = {T Yoshida and K Kudo and Y Hatsugai},
  journal = {Scientific Reports},
  volume = {9},
  issue = {1},
  year = {2019},
  doi = {10.1038/s41598-019-53253-8}
  }




% #########################################################

@article{ParityAnomaly,
    title = {{Parity anomaly in a PT-symmetric quartic Hamiltonian}},
    author = {Carl M Bender},
    journal = {Czech J Phys},
    publisher = {Czechoslovak Journal of Physics},
    volume = {56},
    pages = {1047--1062},
    year = {2006},
    month = {Sep},
    doi = {https://doi.org/10.1007/s10582-006-0399-5}
}

@article{Pseudo-HermiticityII,
    title = {{Pseudo-Hermiticity versus PT-symmetry. II. A complete characterization of non-Hermitian Hamiltonians with a real spectrum}},
    author = {Ali Mostafazadeh},
    journal = {Journal of Mathematical Physics},
    volume = {43},
    number = {5},
    pages = {2814-2816},
    year = {2002},
    doi = {10.1063/1.1461427},
}

@article{Mostafazadeh_2002,
    title = {{Pseudo-Hermiticity for a class of non diagonalizable Hamiltonians}},
    author = {Ali Mostafazadeh},
    journal = {Journal of Mathematical Physics},
    publisher = {{AIP} Publishing},
    volume = {43},
    number = {12},
    pages = {6343--6352},
    year = {2002},
    month = {Dec},
    doi = {10.1063/1.1514834}
}

@misc{Mostafazadeh_comment,
    title = {{Comment on ``PT-Symmetric versus Hermitian Formulations of Quantum Mechanics''}},
    author = {Ali Mostafazadeh},
    publisher = {arXiv},
    year = {2006},
    doi = {10.48550/ARXIV.HEP-TH/0603059}
}

@article{Dorey_2004,
    title = {{A Reality Proof in PT-Symmetric Quantum Mechanics}},
    author = {Patrick Dorey and Clare Dunning and Roberto Tateo},
    journal = {Czechoslovak Journal of Physics},
    publisher = {Springer Science and Business Media {LLC}},
    volume = {54},
    number = {1},
    pages = {35--41},
    year = {2004},
    month = {Jan},
    doi = {10.1023/b:cjop.0000014365.19507.b6}
}

@book{SolvableModels,
    title={{Solvable models in quantum mechanics}},
    author={Sergio Albeverio, Friedrich Gesztesy, Raphael Høegh-Krohn, Helge Holden},
    publisher={Springer-Verlag},
    year={1988},
    ISBN={0387178414}
}

@article{Time_dependent_observables,
    title = {{Calculations of time-dependent observables in non-Hermitian quantum mechanics: The problem and a possible solution}},
    author = {Ido Gilary, Avner Fleischer, and Nimrod Moiseyev},
    journal = {Phys. Rev. A},
    volume = {72},
    issue = {1},
    pages = {012117},
    numpages = {8},
    year = {2005},
    month = {Jul},
    publisher = {American Physical Society},
    doi = {10.1103/PhysRevA.72.012117}
}

@article{Weigert_2003,
    title = {{PT-symmetry and its spontaneous breakdown explained by anti-linearity}},
    author = {Stefan Weigert},
    journal = {Journal of Optics B: Quantum and Semiclassical Optics},
    publisher = {{IOP} Publishing},
    volume = {5},
    number = {3},
    pages = {S416--S419},
    year = {2003},
    month = {jun},
    doi = {10.1088/1464-4266/5/3/380}
}

@article{Carlini_2006,
    title = {{Time-Optimal Quantum Evolution}},
    author = {Alberto Carlini and Akio Hosoya and Tatsuhiko Koike and Yosuke Okudaira},
    journal = {Physical Review Letters},
    publisher = {American Physical Society ({APS})},
    volume = {96},
    number = {6},
    year = {2006},
    month = {Feb},
    doi = {10.1103/physrevlett.96.060503}
}

@article{LeePaper,
  title = {{Some Special Examples in Renormalizable Field Theory}},
  author = {T D Lee},
  journal = {Phys. Rev.},
  volume = {95},
  issue = {5},
  pages = {1329--1334},
  numpages = {0},
  year = {1954},
  month = {Sep},
  publisher = {American Physical Society},
  doi = {10.1103/PhysRev.95.1329}
}

@article{Pseudounitarity,
    title = {{Pseudounitary operators and pseudounitary quantum dynamics}},
    author = {Ali Mostafazadeh },
    journal = {Journal of Mathematical Physics},
    volume = {45},
    number = {3},
    pages = {932-946},
    year = {2004},
    doi = {10.1063/1.1646448}
}


@book{Sakurai,
    title = {{Modern Quantum Mechanics (Revised Edition)}},
    author = {Jun J Sakurai},
    publisher = {Addison Wesley},
    year = {1993},
    edition = {1st ed.},
    ISBN = {0201539292}
}